<?xml version="1.0" encoding="UTF-8"?><collection xmlns="http://www.loc.gov/MARC21/slim"><record><leader>00426nam--2200157-i-4500</leader><controlfield tag="001">000043889</controlfield><controlfield tag="002">20161230</controlfield><controlfield tag="005">20170129231006</controlfield><controlfield tag="008">060222s1000------------r-----000-0-eng-d</controlfield><datafield ind1=" " ind2=" " tag="080"><subfield code="a">612.1</subfield></datafield><datafield ind1=" " ind2=" " tag="100"><subfield code="a">Teitel-Bernard, Alfred</subfield></datafield><datafield ind1=" " ind2=" " tag="245"><subfield code="a">Sur quelques proprietes physico-chimiques des hematies humaines</subfield></datafield><datafield ind1=" " ind2=" " tag="260"><subfield code="a">Paris</subfield><subfield code="b">Gaston Doin And C-ie</subfield><subfield code="c">1934</subfield></datafield><datafield ind1=" " ind2=" " tag="300"><subfield code="a">208-215 p</subfield></datafield><datafield ind1=" " ind2=" " tag="852"><subfield code="a">76486</subfield></datafield><datafield ind1=" " ind2=" " tag="CAT"><subfield code="a">SYS</subfield><subfield code="c">20170129</subfield><subfield code="h">231006</subfield></datafield></record></collection>